@article{Brezzi1994,
  author  = {Brezzi, F. and Russo, A},
  title   = {Choosing bubbles for advection-diffusion problems},
  journal = {Math. Models Methods Appl.},
  volume  = {04},
  number  = {04},
  pages   = {571--587},
  year    = {1994},
  doi     = {https://doi.org/10.1142/S0218202594000327}
}

@article{Brezzi1999,
  author  = {Brezzi, F. and Hughes,  T. J. R. and  Marini, L. D. and  Russo, A. and Suli, E.},
  title   = {A priori error analysis of residual-free bubbles for advection-diffusion problems},
  journal = {SIAM J. Numer. Anal},
  volume  = {36},
  number  = {6},
  pages   = {1933--1948},
  year    = {1999}
}

@article{Cangiani2005long,
  author  = {Cangiani, A. and Sulli, E.},
  title   = {Enhaced RFB method},
  journal = {Numerische Mathematik},
  volume  = {101},
  number  = {},
  pages   = {273--308},
  year    = {2005},
  doi     = {10.1007/s00211-005-0620-7}
}

@article{Cangiani2005short,
  author  = {Cangiani, A. and Sulli, E.},
  title   = {Enhanced residual-free bubble method for convection–diffusion problems},
  journal = {INTERNATIONAL JOURNAL FOR NUMERICAL METHODS IN FLUIDS},
  volume  = {47},
  number  = {},
  pages   = {1307--1313},
  year    = {2005},
  doi     = {10.1002/fld.859}
}

@article{Russo1997,
  author  = {Franca, L. and Russo, A.},
  year    = {1997},
  month   = {11},
  pages   = {},
  title   = {Approximation of the Stokes Problem by Residual-Free Macro Bubbles},
  volume  = {4},
  journal = {East-West Journal of Numerical Mathematics}
}

@article{Franca1998,
  author  = {L.P. Franca and A. Nesliturk and M. Stynes},
  title   = {On the stability of residual-free bubbles for convection-diffusion problems and their approximation by a two-level finite element method},
  journal = {Computer Methods in Applied Mechanics and Engineering},
  volume  = {166},
  number  = {1},
  pages   = {35-49},
  year    = {1998},
  note    = {Advances in Stabilized Methods in Computational Mechanics},
  issn    = {0045-7825},
  doi     = {https://doi.org/10.1016/S0045-7825(98)00081-4}
}

@phdthesis{thesisScheweck,
  author = {F. Scheweck},
  title  = {Eine asymptotisch angepafite finite-element-methode fur singulär gestörte elliptische randwertaufgaben},
  school = {Wiss. Z. Techn. Universität Magdeburg},
  year   = 1987
}